%% This BibTeX bibliography file was created using BibDesk.
%% http://bibdesk.sourceforge.net/


%% Created for Joseph DeGol at 2013-12-11 22:48:17 -0600 


%% Saved with string encoding Unicode (UTF-8) 



@inproceedings{Sattar2007,
	Author = {Sattar, J. and Bourque, E. and Giguere, P. and Dudek, G.},
	Booktitle = {Computer and Robot Vision, 2007. CRV '07. Fourth Canadian Conference on},
	Date-Added = {2013-12-12 04:47:17 +0000},
	Date-Modified = {2013-12-12 04:47:19 +0000},
	Doi = {10.1109/CRV.2007.34},
	Keywords = {Fourier transforms;bar codes;identification technology;image coding;image resolution;man-machine systems;robot vision;user interfaces;Fourier tags;bar-code;degradable fiducial markers;effective resolution;human-robot interaction;information encoding;position control;Application software;Cameras;Computer science;Computer vision;Degradation;Encoding;Noise robustness;Robot kinematics;Robot vision systems;Underwater tracking},
	Pages = {165-174},
	Title = {Fourier tags: Smoothly degradable fiducial markers for use in human-robot interaction},
	Year = {2007},
	Bdsk-Url-1 = {http://dx.doi.org/10.1109/CRV.2007.34}}

@inproceedings{Shi1994,
	Author = {Jianbo Shi and Carlo Tomasi},
	Date-Added = {2013-12-12 04:07:49 +0000},
	Date-Modified = {2013-12-12 04:07:50 +0000},
	Pages = {593--600},
	Title = {Good Features to Track},
	Year = {1994}}

@techreport{Tomasi1991,
	Author = {Carlo Tomasi and Takeo Kanade},
	Date-Added = {2013-12-12 04:07:22 +0000},
	Date-Modified = {2013-12-12 04:07:24 +0000},
	Institution = {International Journal of Computer Vision},
	Title = {Detection and Tracking of Point Features},
	Year = {1991}}

@inproceedings{Lucas1981,
	Acmid = {1623280},
	Address = {San Francisco, CA, USA},
	Author = {Lucas, Bruce D. and Kanade, Takeo},
	Booktitle = {Proceedings of the 7th International Joint Conference on Artificial Intelligence - Volume 2},
	Date-Added = {2013-12-12 04:06:47 +0000},
	Date-Modified = {2013-12-12 04:06:49 +0000},
	Location = {Vancouver, BC, Canada},
	Numpages = {6},
	Pages = {674--679},
	Publisher = {Morgan Kaufmann Publishers Inc.},
	Series = {IJCAI'81},
	Title = {An Iterative Image Registration Technique with an Application to Stereo Vision},
	Url = {http://dl.acm.org/citation.cfm?id=1623264.1623280},
	Year = {1981},
	Bdsk-Url-1 = {http://dl.acm.org/citation.cfm?id=1623264.1623280}}

@inproceedings{Fiala2005,
	Acmid = {1069138},
	Address = {Washington, DC, USA},
	Author = {Fiala, Mark},
	Booktitle = {Proceedings of the 2005 IEEE Computer Society Conference on Computer Vision and Pattern Recognition (CVPR'05) - Volume 2 - Volume 02},
	Date-Added = {2013-12-12 04:04:06 +0000},
	Date-Modified = {2013-12-12 04:04:19 +0000},
	Doi = {10.1109/CVPR.2005.74},
	Isbn = {0-7695-2372-2},
	Numpages = {7},
	Pages = {590--596},
	Publisher = {IEEE Computer Society},
	Series = {CVPR '05},
	Title = {ARTag, a Fiducial Marker System Using Digital Techniques},
	Url = {http://dx.doi.org/10.1109/CVPR.2005.74},
	Year = {2005},
	Bdsk-Url-1 = {http://dx.doi.org/10.1109/CVPR.2005.74}}

@article{Fiala2010,
	Author = {Fiala, M.},
	Date-Added = {2013-12-12 04:03:29 +0000},
	Date-Modified = {2013-12-12 04:04:17 +0000},
	Doi = {10.1109/TPAMI.2009.146},
	Issn = {0162-8828},
	Journal = {Pattern Analysis and Machine Intelligence, IEEE Transactions on},
	Keywords = {computer vision;edge detection;image matching;pose estimation;ARTag fiducial marker system;artificial landmarks;augmented reality;computer vision algorithms;digital coding system;edge-based method;fiducial markers;human computer interaction;hypothesis generation stage;interest point detection;interest point matching;pose detection;robot navigation;verification-identification stage;Augmented reality;computer vision.;fiducial marker systems},
	Number = {7},
	Pages = {1317-1324},
	Title = {Designing Highly Reliable Fiducial Markers},
	Volume = {32},
	Year = {2010},
	Bdsk-Url-1 = {http://dx.doi.org/10.1109/TPAMI.2009.146}}

@book{Koller2009,
	Author = {D. Koller and N. Friedman},
	Date-Added = {2013-12-12 04:02:47 +0000},
	Date-Modified = {2013-12-12 04:04:24 +0000},
	Publisher = {MIT Press},
	Title = {Probabilistic Graphical Models: Principles and Techniques},
	Year = 2009}

@book{Forsyth2002,
	Author = {Forsyth, David A. and Ponce, Jean},
	Date-Added = {2013-12-12 04:00:18 +0000},
	Date-Modified = {2013-12-12 04:04:22 +0000},
	Isbn = {0130851981},
	Publisher = {Prentice Hall Professional Technical Reference},
	Title = {Computer Vision: A Modern Approach},
	Year = {2002}}

@book{Thrun2005,
	Author = {Thrun, Sebastian and Burgard, Wolfram and Fox, Dieter},
	Date-Added = {2013-12-12 03:59:49 +0000},
	Date-Modified = {2013-12-12 04:04:28 +0000},
	Isbn = {0262201623},
	Publisher = {The MIT Press},
	Title = {Probabilistic Robotics (Intelligent Robotics and Autonomous Agents)},
	Year = {2005}}

@inproceedings{Olson2011,
	Author = {Edwin Olson},
	Booktitle = {Proceedings of the {IEEE} International Conference on Robotics and Automation ({ICRA})},
	Date-Added = {2013-12-12 03:59:12 +0000},
	Date-Modified = {2013-12-12 04:04:26 +0000},
	Keywords = {Robot navigation, SLAM, Visual Fiducial, ARToolkit},
	Month = {May},
	Pages = {3400-3407},
	Publisher = {IEEE},
	Title = {{AprilTag}: A robust and flexible visual fiducial system},
	Year = {2011}}
